<record><leader>00000cas a22000007a 4500</leader><controlfield tag="001">12282384</controlfield><controlfield tag="008">850719d19511952wiuwr ne      0    0eng d</controlfield><datafield ind1=" " ind2=" " tag="010"><subfield code="a">sn 85040858 </subfield></datafield><datafield ind1=" " ind2=" " tag="040"><subfield code="a">NPV</subfield><subfield code="b">eng</subfield><subfield code="c">NPV</subfield><subfield code="d">OCLCQ</subfield></datafield><datafield ind1=" " ind2=" " tag="042"><subfield code="a">msc</subfield></datafield><datafield ind1=" " ind2=" " tag="045"><subfield code="a">x5x5</subfield></datafield><datafield ind1=" " ind2=" " tag="052"><subfield code="a">4123</subfield><subfield code="b">S3</subfield></datafield><datafield ind1="0" ind2="4" tag="245"><subfield code="a">The Sauk County news and continuing the pioneer press.</subfield></datafield><datafield ind1=" " ind2=" " tag="260"><subfield code="a">Prairie du Sac, Wis. :</subfield><subfield code="b">B. Giegerich,</subfield><subfield code="c">1951-1952.</subfield></datafield><datafield ind1=" " ind2=" " tag="300"><subfield code="a">v. :</subfield><subfield code="b">ill.</subfield></datafield><datafield ind1=" " ind2=" " tag="310"><subfield code="a">Weekly</subfield></datafield><datafield ind1="0" ind2=" " tag="362"><subfield code="a">No. 43 (July 5, 1951)-no. 42 (June 26, 1952).</subfield></datafield><datafield ind1=" " ind2=" " tag="500"><subfield code="a">Editor: B. Giegerich.</subfield></datafield><datafield ind1=" " ind2=" " tag="530"><subfield code="a">Available on microfilm from The State Historical Society of Wisconsin.</subfield></datafield><datafield ind1=" " ind2=" " tag="752"><subfield code="a">United States</subfield><subfield code="b">Wisconsin</subfield><subfield code="c">Sauk</subfield><subfield code="d">Prairie du Sac.</subfield></datafield><datafield ind1="0" ind2="4" tag="780"><subfield code="t">Pioneer press (Sauk City, Wis.)</subfield><subfield code="w">(DLC)sn 85040856</subfield></datafield><datafield ind1="0" ind2="4" tag="785"><subfield code="t">Sauk County news</subfield><subfield code="w">(DLC)sn 85040857</subfield></datafield><datafield ind1="0" ind2="0" tag="785"><subfield code="t">Sauk County news and the pioneer press</subfield><subfield code="w">(DLC)sn 85040859</subfield></datafield><datafield ind1="1" ind2=" " tag="029"><subfield code="a">AU@</subfield><subfield code="b">000025806481</subfield></datafield></record>